%YAML 1.1
%TAG !u! tag:unity3d.com,2011:
--- !u!1 &337854123771691962
GameObject:
  m_ObjectHideFlags: 0
  m_CorrespondingSourceObject: {fileID: 0}
  m_PrefabInstance: {fileID: 0}
  m_PrefabAsset: {fileID: 0}
  serializedVersion: 6
  m_Component:
  - component: {fileID: 8255988725280311419}
  - component: {fileID: 1615122668704012242}
  m_Layer: 0
  m_Name: BlockSpawnOpt (4)
  m_TagString: Untagged
  m_Icon: {fileID: -5397416234189338067, guid: 0000000000000000d000000000000000, type: 0}
  m_NavMeshLayer: 0
  m_StaticEditorFlags: 0
  m_IsActive: 1
--- !u!4 &8255988725280311419
Transform:
  m_ObjectHideFlags: 0
  m_CorrespondingSourceObject: {fileID: 0}
  m_PrefabInstance: {fileID: 0}
  m_PrefabAsset: {fileID: 0}
  m_GameObject: {fileID: 337854123771691962}
  m_LocalRotation: {x: -0, y: -0, z: -0, w: 1}
  m_LocalPosition: {x: 1, y: -2, z: 0}
  m_LocalScale: {x: 1, y: 1, z: 1}
  m_Children: []
  m_Father: {fileID: 7410511629744549649}
  m_RootOrder: 5
  m_LocalEulerAnglesHint: {x: 0, y: 0, z: 0}
--- !u!114 &1615122668704012242
MonoBehaviour:
  m_ObjectHideFlags: 0
  m_CorrespondingSourceObject: {fileID: 0}
  m_PrefabInstance: {fileID: 0}
  m_PrefabAsset: {fileID: 0}
  m_GameObject: {fileID: 337854123771691962}
  m_Enabled: 1
  m_EditorHideFlags: 0
  m_Script: {fileID: 11500000, guid: 8a227a53be4cb214ba31aed965b96260, type: 3}
  m_Name: 
  m_EditorClassIdentifier: 
  spawnableBlocks:
  - {fileID: 129538797762571977, guid: 62cd6372611e5b64b9fc4f5053a413be, type: 3}
  - {fileID: 827590671195969117, guid: 6d446037248bdb4458b17954bf077bba, type: 3}
  - {fileID: 7899939296748366005, guid: 1921f54197beb5e488394e0f2ab2621a, type: 3}
  - {fileID: 3664325002177333749, guid: 3843001055abf484293a1792826a2b01, type: 3}
  - {fileID: 5868547598711328266, guid: 1f51cc62e4a89e340ac06e6dbca78c13, type: 3}
  - {fileID: 5868547598711328266, guid: 1f51cc62e4a89e340ac06e6dbca78c13, type: 3}
  - {fileID: 5868547598711328266, guid: 1f51cc62e4a89e340ac06e6dbca78c13, type: 3}
  - {fileID: 5868547598711328266, guid: 1f51cc62e4a89e340ac06e6dbca78c13, type: 3}
--- !u!1 &4425786094300240341
GameObject:
  m_ObjectHideFlags: 0
  m_CorrespondingSourceObject: {fileID: 0}
  m_PrefabInstance: {fileID: 0}
  m_PrefabAsset: {fileID: 0}
  serializedVersion: 6
  m_Component:
  - component: {fileID: 4425786094300240340}
  - component: {fileID: 4425786094300240343}
  m_Layer: 0
  m_Name: BlockSpawn (12)
  m_TagString: Untagged
  m_Icon: {fileID: 7174288486110832750, guid: 0000000000000000d000000000000000, type: 0}
  m_NavMeshLayer: 0
  m_StaticEditorFlags: 0
  m_IsActive: 1
--- !u!4 &4425786094300240340
Transform:
  m_ObjectHideFlags: 0
  m_CorrespondingSourceObject: {fileID: 0}
  m_PrefabInstance: {fileID: 0}
  m_PrefabAsset: {fileID: 0}
  m_GameObject: {fileID: 4425786094300240341}
  m_LocalRotation: {x: -0, y: -0, z: -0, w: 1}
  m_LocalPosition: {x: -1, y: 2, z: 0}
  m_LocalScale: {x: 1, y: 1, z: 1}
  m_Children: []
  m_Father: {fileID: 7410511629744549649}
  m_RootOrder: 11
  m_LocalEulerAnglesHint: {x: 0, y: 0, z: 0}
--- !u!114 &4425786094300240343
MonoBehaviour:
  m_ObjectHideFlags: 0
  m_CorrespondingSourceObject: {fileID: 0}
  m_PrefabInstance: {fileID: 0}
  m_PrefabAsset: {fileID: 0}
  m_GameObject: {fileID: 4425786094300240341}
  m_Enabled: 1
  m_EditorHideFlags: 0
  m_Script: {fileID: 11500000, guid: 8a227a53be4cb214ba31aed965b96260, type: 3}
  m_Name: 
  m_EditorClassIdentifier: 
  spawnableBlocks:
  - {fileID: 129538797762571977, guid: 62cd6372611e5b64b9fc4f5053a413be, type: 3}
  - {fileID: 827590671195969117, guid: 6d446037248bdb4458b17954bf077bba, type: 3}
  - {fileID: 7899939296748366005, guid: 1921f54197beb5e488394e0f2ab2621a, type: 3}
  - {fileID: 3664325002177333749, guid: 3843001055abf484293a1792826a2b01, type: 3}
--- !u!1 &4425786094794352313
GameObject:
  m_ObjectHideFlags: 0
  m_CorrespondingSourceObject: {fileID: 0}
  m_PrefabInstance: {fileID: 0}
  m_PrefabAsset: {fileID: 0}
  serializedVersion: 6
  m_Component:
  - component: {fileID: 4425786094794352312}
  - component: {fileID: 4425786094794352315}
  m_Layer: 0
  m_Name: BlockSpawn (9)
  m_TagString: Untagged
  m_Icon: {fileID: 7174288486110832750, guid: 0000000000000000d000000000000000, type: 0}
  m_NavMeshLayer: 0
  m_StaticEditorFlags: 0
  m_IsActive: 1
--- !u!4 &4425786094794352312
Transform:
  m_ObjectHideFlags: 0
  m_CorrespondingSourceObject: {fileID: 0}
  m_PrefabInstance: {fileID: 0}
  m_PrefabAsset: {fileID: 0}
  m_GameObject: {fileID: 4425786094794352313}
  m_LocalRotation: {x: -0, y: -0, z: -0, w: 1}
  m_LocalPosition: {x: -2, y: -1, z: 0}
  m_LocalScale: {x: 1, y: 1, z: 1}
  m_Children: []
  m_Father: {fileID: 7410511629744549649}
  m_RootOrder: 8
  m_LocalEulerAnglesHint: {x: 0, y: 0, z: 0}
--- !u!114 &4425786094794352315
MonoBehaviour:
  m_ObjectHideFlags: 0
  m_CorrespondingSourceObject: {fileID: 0}
  m_PrefabInstance: {fileID: 0}
  m_PrefabAsset: {fileID: 0}
  m_GameObject: {fileID: 4425786094794352313}
  m_Enabled: 1
  m_EditorHideFlags: 0
  m_Script: {fileID: 11500000, guid: 8a227a53be4cb214ba31aed965b96260, type: 3}
  m_Name: 
  m_EditorClassIdentifier: 
  spawnableBlocks:
  - {fileID: 129538797762571977, guid: 62cd6372611e5b64b9fc4f5053a413be, type: 3}
  - {fileID: 827590671195969117, guid: 6d446037248bdb4458b17954bf077bba, type: 3}
  - {fileID: 7899939296748366005, guid: 1921f54197beb5e488394e0f2ab2621a, type: 3}
  - {fileID: 3664325002177333749, guid: 3843001055abf484293a1792826a2b01, type: 3}
--- !u!1 &4425786094934380602
GameObject:
  m_ObjectHideFlags: 0
  m_CorrespondingSourceObject: {fileID: 0}
  m_PrefabInstance: {fileID: 0}
  m_PrefabAsset: {fileID: 0}
  serializedVersion: 6
  m_Component:
  - component: {fileID: 4425786094934380581}
  - component: {fileID: 4425786094934380580}
  m_Layer: 0
  m_Name: BlockSpawn (7)
  m_TagString: Untagged
  m_Icon: {fileID: 7174288486110832750, guid: 0000000000000000d000000000000000, type: 0}
  m_NavMeshLayer: 0
  m_StaticEditorFlags: 0
  m_IsActive: 1
--- !u!4 &4425786094934380581
Transform:
  m_ObjectHideFlags: 0
  m_CorrespondingSourceObject: {fileID: 0}
  m_PrefabInstance: {fileID: 0}
  m_PrefabAsset: {fileID: 0}
  m_GameObject: {fileID: 4425786094934380602}
  m_LocalRotation: {x: -0, y: -0, z: -0, w: 1}
  m_LocalPosition: {x: -2, y: 0, z: 0}
  m_LocalScale: {x: 1, y: 1, z: 1}
  m_Children: []
  m_Father: {fileID: 7410511629744549649}
  m_RootOrder: 7
  m_LocalEulerAnglesHint: {x: 0, y: 0, z: 0}
--- !u!114 &4425786094934380580
MonoBehaviour:
  m_ObjectHideFlags: 0
  m_CorrespondingSourceObject: {fileID: 0}
  m_PrefabInstance: {fileID: 0}
  m_PrefabAsset: {fileID: 0}
  m_GameObject: {fileID: 4425786094934380602}
  m_Enabled: 1
  m_EditorHideFlags: 0
  m_Script: {fileID: 11500000, guid: 8a227a53be4cb214ba31aed965b96260, type: 3}
  m_Name: 
  m_EditorClassIdentifier: 
  spawnableBlocks:
  - {fileID: 129538797762571977, guid: 62cd6372611e5b64b9fc4f5053a413be, type: 3}
  - {fileID: 827590671195969117, guid: 6d446037248bdb4458b17954bf077bba, type: 3}
  - {fileID: 7899939296748366005, guid: 1921f54197beb5e488394e0f2ab2621a, type: 3}
  - {fileID: 3664325002177333749, guid: 3843001055abf484293a1792826a2b01, type: 3}
--- !u!1 &4425786095034702919
GameObject:
  m_ObjectHideFlags: 0
  m_CorrespondingSourceObject: {fileID: 0}
  m_PrefabInstance: {fileID: 0}
  m_PrefabAsset: {fileID: 0}
  serializedVersion: 6
  m_Component:
  - component: {fileID: 4425786095034702918}
  - component: {fileID: 4425786095034702913}
  m_Layer: 0
  m_Name: BlockSpawn (11)
  m_TagString: Untagged
  m_Icon: {fileID: 7174288486110832750, guid: 0000000000000000d000000000000000, type: 0}
  m_NavMeshLayer: 0
  m_StaticEditorFlags: 0
  m_IsActive: 1
--- !u!4 &4425786095034702918
Transform:
  m_ObjectHideFlags: 0
  m_CorrespondingSourceObject: {fileID: 0}
  m_PrefabInstance: {fileID: 0}
  m_PrefabAsset: {fileID: 0}
  m_GameObject: {fileID: 4425786095034702919}
  m_LocalRotation: {x: -0, y: -0, z: -0, w: 1}
  m_LocalPosition: {x: 0, y: 2, z: 0}
  m_LocalScale: {x: 1, y: 1, z: 1}
  m_Children: []
  m_Father: {fileID: 7410511629744549649}
  m_RootOrder: 10
  m_LocalEulerAnglesHint: {x: 0, y: 0, z: 0}
--- !u!114 &4425786095034702913
MonoBehaviour:
  m_ObjectHideFlags: 0
  m_CorrespondingSourceObject: {fileID: 0}
  m_PrefabInstance: {fileID: 0}
  m_PrefabAsset: {fileID: 0}
  m_GameObject: {fileID: 4425786095034702919}
  m_Enabled: 1
  m_EditorHideFlags: 0
  m_Script: {fileID: 11500000, guid: 8a227a53be4cb214ba31aed965b96260, type: 3}
  m_Name: 
  m_EditorClassIdentifier: 
  spawnableBlocks:
  - {fileID: 129538797762571977, guid: 62cd6372611e5b64b9fc4f5053a413be, type: 3}
  - {fileID: 827590671195969117, guid: 6d446037248bdb4458b17954bf077bba, type: 3}
  - {fileID: 7899939296748366005, guid: 1921f54197beb5e488394e0f2ab2621a, type: 3}
  - {fileID: 3664325002177333749, guid: 3843001055abf484293a1792826a2b01, type: 3}
--- !u!1 &4425786095588768799
GameObject:
  m_ObjectHideFlags: 0
  m_CorrespondingSourceObject: {fileID: 0}
  m_PrefabInstance: {fileID: 0}
  m_PrefabAsset: {fileID: 0}
  serializedVersion: 6
  m_Component:
  - component: {fileID: 4425786095588768798}
  - component: {fileID: 4425786095588768793}
  m_Layer: 0
  m_Name: BlockSpawn (6)
  m_TagString: Untagged
  m_Icon: {fileID: 7174288486110832750, guid: 0000000000000000d000000000000000, type: 0}
  m_NavMeshLayer: 0
  m_StaticEditorFlags: 0
  m_IsActive: 1
--- !u!4 &4425786095588768798
Transform:
  m_ObjectHideFlags: 0
  m_CorrespondingSourceObject: {fileID: 0}
  m_PrefabInstance: {fileID: 0}
  m_PrefabAsset: {fileID: 0}
  m_GameObject: {fileID: 4425786095588768799}
  m_LocalRotation: {x: -0, y: -0, z: -0, w: 1}
  m_LocalPosition: {x: -2, y: 1, z: 0}
  m_LocalScale: {x: 1, y: 1, z: 1}
  m_Children: []
  m_Father: {fileID: 7410511629744549649}
  m_RootOrder: 6
  m_LocalEulerAnglesHint: {x: 0, y: 0, z: 0}
--- !u!114 &4425786095588768793
MonoBehaviour:
  m_ObjectHideFlags: 0
  m_CorrespondingSourceObject: {fileID: 0}
  m_PrefabInstance: {fileID: 0}
  m_PrefabAsset: {fileID: 0}
  m_GameObject: {fileID: 4425786095588768799}
  m_Enabled: 1
  m_EditorHideFlags: 0
  m_Script: {fileID: 11500000, guid: 8a227a53be4cb214ba31aed965b96260, type: 3}
  m_Name: 
  m_EditorClassIdentifier: 
  spawnableBlocks:
  - {fileID: 129538797762571977, guid: 62cd6372611e5b64b9fc4f5053a413be, type: 3}
  - {fileID: 827590671195969117, guid: 6d446037248bdb4458b17954bf077bba, type: 3}
  - {fileID: 7899939296748366005, guid: 1921f54197beb5e488394e0f2ab2621a, type: 3}
  - {fileID: 3664325002177333749, guid: 3843001055abf484293a1792826a2b01, type: 3}
--- !u!1 &4425786095598451266
GameObject:
  m_ObjectHideFlags: 0
  m_CorrespondingSourceObject: {fileID: 0}
  m_PrefabInstance: {fileID: 0}
  m_PrefabAsset: {fileID: 0}
  serializedVersion: 6
  m_Component:
  - component: {fileID: 4425786095598451277}
  - component: {fileID: 4425786095598451276}
  m_Layer: 0
  m_Name: BlockSpawn (10)
  m_TagString: Untagged
  m_Icon: {fileID: 7174288486110832750, guid: 0000000000000000d000000000000000, type: 0}
  m_NavMeshLayer: 0
  m_StaticEditorFlags: 0
  m_IsActive: 1
--- !u!4 &4425786095598451277
Transform:
  m_ObjectHideFlags: 0
  m_CorrespondingSourceObject: {fileID: 0}
  m_PrefabInstance: {fileID: 0}
  m_PrefabAsset: {fileID: 0}
  m_GameObject: {fileID: 4425786095598451266}
  m_LocalRotation: {x: -0, y: -0, z: -0, w: 1}
  m_LocalPosition: {x: 1, y: 2, z: 0}
  m_LocalScale: {x: 1, y: 1, z: 1}
  m_Children: []
  m_Father: {fileID: 7410511629744549649}
  m_RootOrder: 9
  m_LocalEulerAnglesHint: {x: 0, y: 0, z: 0}
--- !u!114 &4425786095598451276
MonoBehaviour:
  m_ObjectHideFlags: 0
  m_CorrespondingSourceObject: {fileID: 0}
  m_PrefabInstance: {fileID: 0}
  m_PrefabAsset: {fileID: 0}
  m_GameObject: {fileID: 4425786095598451266}
  m_Enabled: 1
  m_EditorHideFlags: 0
  m_Script: {fileID: 11500000, guid: 8a227a53be4cb214ba31aed965b96260, type: 3}
  m_Name: 
  m_EditorClassIdentifier: 
  spawnableBlocks:
  - {fileID: 129538797762571977, guid: 62cd6372611e5b64b9fc4f5053a413be, type: 3}
  - {fileID: 827590671195969117, guid: 6d446037248bdb4458b17954bf077bba, type: 3}
  - {fileID: 7899939296748366005, guid: 1921f54197beb5e488394e0f2ab2621a, type: 3}
  - {fileID: 3664325002177333749, guid: 3843001055abf484293a1792826a2b01, type: 3}
--- !u!1 &6771748266327627206
GameObject:
  m_ObjectHideFlags: 0
  m_CorrespondingSourceObject: {fileID: 0}
  m_PrefabInstance: {fileID: 0}
  m_PrefabAsset: {fileID: 0}
  serializedVersion: 6
  m_Component:
  - component: {fileID: 6394257694764214047}
  - component: {fileID: 7117646073402385853}
  m_Layer: 0
  m_Name: BlockSpawn (5)
  m_TagString: Untagged
  m_Icon: {fileID: 7174288486110832750, guid: 0000000000000000d000000000000000, type: 0}
  m_NavMeshLayer: 0
  m_StaticEditorFlags: 0
  m_IsActive: 1
--- !u!4 &6394257694764214047
Transform:
  m_ObjectHideFlags: 0
  m_CorrespondingSourceObject: {fileID: 0}
  m_PrefabInstance: {fileID: 0}
  m_PrefabAsset: {fileID: 0}
  m_GameObject: {fileID: 6771748266327627206}
  m_LocalRotation: {x: -0, y: -0, z: -0, w: 1}
  m_LocalPosition: {x: -2, y: 2, z: 0}
  m_LocalScale: {x: 1, y: 1, z: 1}
  m_Children: []
  m_Father: {fileID: 7410511629744549649}
  m_RootOrder: 3
  m_LocalEulerAnglesHint: {x: 0, y: 0, z: 0}
--- !u!114 &7117646073402385853
MonoBehaviour:
  m_ObjectHideFlags: 0
  m_CorrespondingSourceObject: {fileID: 0}
  m_PrefabInstance: {fileID: 0}
  m_PrefabAsset: {fileID: 0}
  m_GameObject: {fileID: 6771748266327627206}
  m_Enabled: 1
  m_EditorHideFlags: 0
  m_Script: {fileID: 11500000, guid: 8a227a53be4cb214ba31aed965b96260, type: 3}
  m_Name: 
  m_EditorClassIdentifier: 
  spawnableBlocks:
  - {fileID: 129538797762571977, guid: 62cd6372611e5b64b9fc4f5053a413be, type: 3}
  - {fileID: 827590671195969117, guid: 6d446037248bdb4458b17954bf077bba, type: 3}
  - {fileID: 7899939296748366005, guid: 1921f54197beb5e488394e0f2ab2621a, type: 3}
  - {fileID: 3664325002177333749, guid: 3843001055abf484293a1792826a2b01, type: 3}
--- !u!1 &7385660759015482228
GameObject:
  m_ObjectHideFlags: 0
  m_CorrespondingSourceObject: {fileID: 0}
  m_PrefabInstance: {fileID: 0}
  m_PrefabAsset: {fileID: 0}
  serializedVersion: 6
  m_Component:
  - component: {fileID: 1201447088605742002}
  m_Layer: 0
  m_Name: InteractSpawn
  m_TagString: InteractableSpawn
  m_Icon: {fileID: 1206586993520771344, guid: 0000000000000000d000000000000000, type: 0}
  m_NavMeshLayer: 0
  m_StaticEditorFlags: 0
  m_IsActive: 1
--- !u!4 &1201447088605742002
Transform:
  m_ObjectHideFlags: 0
  m_CorrespondingSourceObject: {fileID: 0}
  m_PrefabInstance: {fileID: 0}
  m_PrefabAsset: {fileID: 0}
  m_GameObject: {fileID: 7385660759015482228}
  m_LocalRotation: {x: -0, y: -0, z: -0, w: 1}
  m_LocalPosition: {x: 0, y: 0, z: 0}
  m_LocalScale: {x: 1, y: 1, z: 1}
  m_Children: []
  m_Father: {fileID: 7410511629744549649}
  m_RootOrder: 15
  m_LocalEulerAnglesHint: {x: 0, y: 0, z: 0}
--- !u!1 &7410511629744549648
GameObject:
  m_ObjectHideFlags: 0
  m_CorrespondingSourceObject: {fileID: 0}
  m_PrefabInstance: {fileID: 0}
  m_PrefabAsset: {fileID: 0}
  serializedVersion: 6
  m_Component:
  - component: {fileID: 7410511629744549649}
  - component: {fileID: 5373929909383082188}
  m_Layer: 0
  m_Name: Room B
  m_TagString: Untagged
  m_Icon: {fileID: -5442936267250999957, guid: 0000000000000000d000000000000000, type: 0}
  m_NavMeshLayer: 0
  m_StaticEditorFlags: 0
  m_IsActive: 1
--- !u!4 &7410511629744549649
Transform:
  m_ObjectHideFlags: 0
  m_CorrespondingSourceObject: {fileID: 0}
  m_PrefabInstance: {fileID: 0}
  m_PrefabAsset: {fileID: 0}
  m_GameObject: {fileID: 7410511629744549648}
  m_LocalRotation: {x: 0, y: 0, z: 0, w: 1}
  m_LocalPosition: {x: 2.5, y: 2.5, z: 0}
  m_LocalScale: {x: 1, y: 1, z: 1}
  m_Children:
  - {fileID: 7410511631422147020}
  - {fileID: 7410511629905287263}
  - {fileID: 7410511631416747967}
  - {fileID: 6394257694764214047}
  - {fileID: 1480920898598243378}
  - {fileID: 8255988725280311419}
  - {fileID: 4425786095588768798}
  - {fileID: 4425786094934380581}
  - {fileID: 4425786094794352312}
  - {fileID: 4425786095598451277}
  - {fileID: 4425786095034702918}
  - {fileID: 4425786094300240340}
  - {fileID: 8118606854926193813}
  - {fileID: 8118606855178529426}
  - {fileID: 8118606854584738386}
  - {fileID: 1201447088605742002}
  m_Father: {fileID: 0}
  m_RootOrder: 0
  m_LocalEulerAnglesHint: {x: 0, y: 0, z: 0}
--- !u!114 &5373929909383082188
MonoBehaviour:
  m_ObjectHideFlags: 0
  m_CorrespondingSourceObject: {fileID: 0}
  m_PrefabInstance: {fileID: 0}
  m_PrefabAsset: {fileID: 0}
  m_GameObject: {fileID: 7410511629744549648}
  m_Enabled: 1
  m_EditorHideFlags: 0
  m_Script: {fileID: 11500000, guid: 2129ccd7ecd318a4aaea4c5d140c48f9, type: 3}
  m_Name: 
  m_EditorClassIdentifier: 
  connections: 0
  gridPos: {x: 0, y: 0}
--- !u!1 &7410511629905287262
GameObject:
  m_ObjectHideFlags: 0
  m_CorrespondingSourceObject: {fileID: 0}
  m_PrefabInstance: {fileID: 0}
  m_PrefabAsset: {fileID: 0}
  serializedVersion: 6
  m_Component:
  - component: {fileID: 7410511629905287263}
  - component: {fileID: 7410511629905287260}
  m_Layer: 0
  m_Name: BlockSpawn (4)
  m_TagString: Untagged
  m_Icon: {fileID: 7174288486110832750, guid: 0000000000000000d000000000000000, type: 0}
  m_NavMeshLayer: 0
  m_StaticEditorFlags: 0
  m_IsActive: 1
--- !u!4 &7410511629905287263
Transform:
  m_ObjectHideFlags: 0
  m_CorrespondingSourceObject: {fileID: 0}
  m_PrefabInstance: {fileID: 0}
  m_PrefabAsset: {fileID: 0}
  m_GameObject: {fileID: 7410511629905287262}
  m_LocalRotation: {x: -0, y: -0, z: -0, w: 1}
  m_LocalPosition: {x: 2, y: 2, z: 0}
  m_LocalScale: {x: 1, y: 1, z: 1}
  m_Children: []
  m_Father: {fileID: 7410511629744549649}
  m_RootOrder: 1
  m_LocalEulerAnglesHint: {x: 0, y: 0, z: 0}
--- !u!114 &7410511629905287260
MonoBehaviour:
  m_ObjectHideFlags: 0
  m_CorrespondingSourceObject: {fileID: 0}
  m_PrefabInstance: {fileID: 0}
  m_PrefabAsset: {fileID: 0}
  m_GameObject: {fileID: 7410511629905287262}
  m_Enabled: 1
  m_EditorHideFlags: 0
  m_Script: {fileID: 11500000, guid: 8a227a53be4cb214ba31aed965b96260, type: 3}
  m_Name: 
  m_EditorClassIdentifier: 
  spawnableBlocks:
  - {fileID: 129538797762571977, guid: 62cd6372611e5b64b9fc4f5053a413be, type: 3}
  - {fileID: 827590671195969117, guid: 6d446037248bdb4458b17954bf077bba, type: 3}
  - {fileID: 7899939296748366005, guid: 1921f54197beb5e488394e0f2ab2621a, type: 3}
  - {fileID: 3664325002177333749, guid: 3843001055abf484293a1792826a2b01, type: 3}
--- !u!1 &7410511631416747966
GameObject:
  m_ObjectHideFlags: 0
  m_CorrespondingSourceObject: {fileID: 0}
  m_PrefabInstance: {fileID: 0}
  m_PrefabAsset: {fileID: 0}
  serializedVersion: 6
  m_Component:
  - component: {fileID: 7410511631416747967}
  - component: {fileID: 7410511631416747964}
  m_Layer: 0
  m_Name: BlockSpawn (8)
  m_TagString: Untagged
  m_Icon: {fileID: 7174288486110832750, guid: 0000000000000000d000000000000000, type: 0}
  m_NavMeshLayer: 0
  m_StaticEditorFlags: 0
  m_IsActive: 1
--- !u!4 &7410511631416747967
Transform:
  m_ObjectHideFlags: 0
  m_CorrespondingSourceObject: {fileID: 0}
  m_PrefabInstance: {fileID: 0}
  m_PrefabAsset: {fileID: 0}
  m_GameObject: {fileID: 7410511631416747966}
  m_LocalRotation: {x: -0, y: -0, z: -0, w: 1}
  m_LocalPosition: {x: -2, y: -2, z: 0}
  m_LocalScale: {x: 1, y: 1, z: 1}
  m_Children: []
  m_Father: {fileID: 7410511629744549649}
  m_RootOrder: 2
  m_LocalEulerAnglesHint: {x: 0, y: 0, z: 0}
--- !u!114 &7410511631416747964
MonoBehaviour:
  m_ObjectHideFlags: 0
  m_CorrespondingSourceObject: {fileID: 0}
  m_PrefabInstance: {fileID: 0}
  m_PrefabAsset: {fileID: 0}
  m_GameObject: {fileID: 7410511631416747966}
  m_Enabled: 1
  m_EditorHideFlags: 0
  m_Script: {fileID: 11500000, guid: 8a227a53be4cb214ba31aed965b96260, type: 3}
  m_Name: 
  m_EditorClassIdentifier: 
  spawnableBlocks:
  - {fileID: 129538797762571977, guid: 62cd6372611e5b64b9fc4f5053a413be, type: 3}
  - {fileID: 827590671195969117, guid: 6d446037248bdb4458b17954bf077bba, type: 3}
  - {fileID: 7899939296748366005, guid: 1921f54197beb5e488394e0f2ab2621a, type: 3}
  - {fileID: 3664325002177333749, guid: 3843001055abf484293a1792826a2b01, type: 3}
--- !u!1 &7410511631422147023
GameObject:
  m_ObjectHideFlags: 0
  m_CorrespondingSourceObject: {fileID: 0}
  m_PrefabInstance: {fileID: 0}
  m_PrefabAsset: {fileID: 0}
  serializedVersion: 6
  m_Component:
  - component: {fileID: 7410511631422147020}
  - component: {fileID: 7410511631422147021}
  m_Layer: 0
  m_Name: BlockSpawn
  m_TagString: Untagged
  m_Icon: {fileID: 7174288486110832750, guid: 0000000000000000d000000000000000, type: 0}
  m_NavMeshLayer: 0
  m_StaticEditorFlags: 0
  m_IsActive: 1
--- !u!4 &7410511631422147020
Transform:
  m_ObjectHideFlags: 0
  m_CorrespondingSourceObject: {fileID: 0}
  m_PrefabInstance: {fileID: 0}
  m_PrefabAsset: {fileID: 0}
  m_GameObject: {fileID: 7410511631422147023}
  m_LocalRotation: {x: -0, y: -0, z: -0, w: 1}
  m_LocalPosition: {x: 2, y: -2, z: 0}
  m_LocalScale: {x: 1, y: 1, z: 1}
  m_Children: []
  m_Father: {fileID: 7410511629744549649}
  m_RootOrder: 0
  m_LocalEulerAnglesHint: {x: 0, y: 0, z: 0}
--- !u!114 &7410511631422147021
MonoBehaviour:
  m_ObjectHideFlags: 0
  m_CorrespondingSourceObject: {fileID: 0}
  m_PrefabInstance: {fileID: 0}
  m_PrefabAsset: {fileID: 0}
  m_GameObject: {fileID: 7410511631422147023}
  m_Enabled: 1
  m_EditorHideFlags: 0
  m_Script: {fileID: 11500000, guid: 8a227a53be4cb214ba31aed965b96260, type: 3}
  m_Name: 
  m_EditorClassIdentifier: 
  spawnableBlocks:
  - {fileID: 129538797762571977, guid: 62cd6372611e5b64b9fc4f5053a413be, type: 3}
  - {fileID: 827590671195969117, guid: 6d446037248bdb4458b17954bf077bba, type: 3}
  - {fileID: 7899939296748366005, guid: 1921f54197beb5e488394e0f2ab2621a, type: 3}
  - {fileID: 3664325002177333749, guid: 3843001055abf484293a1792826a2b01, type: 3}
--- !u!1 &8118606854584738387
GameObject:
  m_ObjectHideFlags: 0
  m_CorrespondingSourceObject: {fileID: 0}
  m_PrefabInstance: {fileID: 0}
  m_PrefabAsset: {fileID: 0}
  serializedVersion: 6
  m_Component:
  - component: {fileID: 8118606854584738386}
  - component: {fileID: 8118606854584738385}
  m_Layer: 0
  m_Name: BlockSpawn (15)
  m_TagString: Untagged
  m_Icon: {fileID: 7174288486110832750, guid: 0000000000000000d000000000000000, type: 0}
  m_NavMeshLayer: 0
  m_StaticEditorFlags: 0
  m_IsActive: 1
--- !u!4 &8118606854584738386
Transform:
  m_ObjectHideFlags: 0
  m_CorrespondingSourceObject: {fileID: 0}
  m_PrefabInstance: {fileID: 0}
  m_PrefabAsset: {fileID: 0}
  m_GameObject: {fileID: 8118606854584738387}
  m_LocalRotation: {x: -0, y: -0, z: -0, w: 1}
  m_LocalPosition: {x: 2, y: -1, z: 0}
  m_LocalScale: {x: 1, y: 1, z: 1}
  m_Children: []
  m_Father: {fileID: 7410511629744549649}
  m_RootOrder: 14
  m_LocalEulerAnglesHint: {x: 0, y: 0, z: 0}
--- !u!114 &8118606854584738385
MonoBehaviour:
  m_ObjectHideFlags: 0
  m_CorrespondingSourceObject: {fileID: 0}
  m_PrefabInstance: {fileID: 0}
  m_PrefabAsset: {fileID: 0}
  m_GameObject: {fileID: 8118606854584738387}
  m_Enabled: 1
  m_EditorHideFlags: 0
  m_Script: {fileID: 11500000, guid: 8a227a53be4cb214ba31aed965b96260, type: 3}
  m_Name: 
  m_EditorClassIdentifier: 
  spawnableBlocks:
  - {fileID: 129538797762571977, guid: 62cd6372611e5b64b9fc4f5053a413be, type: 3}
  - {fileID: 827590671195969117, guid: 6d446037248bdb4458b17954bf077bba, type: 3}
  - {fileID: 7899939296748366005, guid: 1921f54197beb5e488394e0f2ab2621a, type: 3}
  - {fileID: 3664325002177333749, guid: 3843001055abf484293a1792826a2b01, type: 3}
--- !u!1 &8118606854926193814
GameObject:
  m_ObjectHideFlags: 0
  m_CorrespondingSourceObject: {fileID: 0}
  m_PrefabInstance: {fileID: 0}
  m_PrefabAsset: {fileID: 0}
  serializedVersion: 6
  m_Component:
  - component: {fileID: 8118606854926193813}
  - component: {fileID: 8118606854926193812}
  m_Layer: 0
  m_Name: BlockSpawn (13)
  m_TagString: Untagged
  m_Icon: {fileID: 7174288486110832750, guid: 0000000000000000d000000000000000, type: 0}
  m_NavMeshLayer: 0
  m_StaticEditorFlags: 0
  m_IsActive: 1
--- !u!4 &8118606854926193813
Transform:
  m_ObjectHideFlags: 0
  m_CorrespondingSourceObject: {fileID: 0}
  m_PrefabInstance: {fileID: 0}
  m_PrefabAsset: {fileID: 0}
  m_GameObject: {fileID: 8118606854926193814}
  m_LocalRotation: {x: -0, y: -0, z: -0, w: 1}
  m_LocalPosition: {x: 2, y: 1, z: 0}
  m_LocalScale: {x: 1, y: 1, z: 1}
  m_Children: []
  m_Father: {fileID: 7410511629744549649}
  m_RootOrder: 12
  m_LocalEulerAnglesHint: {x: 0, y: 0, z: 0}
--- !u!114 &8118606854926193812
MonoBehaviour:
  m_ObjectHideFlags: 0
  m_CorrespondingSourceObject: {fileID: 0}
  m_PrefabInstance: {fileID: 0}
  m_PrefabAsset: {fileID: 0}
  m_GameObject: {fileID: 8118606854926193814}
  m_Enabled: 1
  m_EditorHideFlags: 0
  m_Script: {fileID: 11500000, guid: 8a227a53be4cb214ba31aed965b96260, type: 3}
  m_Name: 
  m_EditorClassIdentifier: 
  spawnableBlocks:
  - {fileID: 129538797762571977, guid: 62cd6372611e5b64b9fc4f5053a413be, type: 3}
  - {fileID: 827590671195969117, guid: 6d446037248bdb4458b17954bf077bba, type: 3}
  - {fileID: 7899939296748366005, guid: 1921f54197beb5e488394e0f2ab2621a, type: 3}
  - {fileID: 3664325002177333749, guid: 3843001055abf484293a1792826a2b01, type: 3}
--- !u!1 &8118606855178529427
GameObject:
  m_ObjectHideFlags: 0
  m_CorrespondingSourceObject: {fileID: 0}
  m_PrefabInstance: {fileID: 0}
  m_PrefabAsset: {fileID: 0}
  serializedVersion: 6
  m_Component:
  - component: {fileID: 8118606855178529426}
  - component: {fileID: 8118606855178529425}
  m_Layer: 0
  m_Name: BlockSpawn (14)
  m_TagString: Untagged
  m_Icon: {fileID: 7174288486110832750, guid: 0000000000000000d000000000000000, type: 0}
  m_NavMeshLayer: 0
  m_StaticEditorFlags: 0
  m_IsActive: 1
--- !u!4 &8118606855178529426
Transform:
  m_ObjectHideFlags: 0
  m_CorrespondingSourceObject: {fileID: 0}
  m_PrefabInstance: {fileID: 0}
  m_PrefabAsset: {fileID: 0}
  m_GameObject: {fileID: 8118606855178529427}
  m_LocalRotation: {x: -0, y: -0, z: -0, w: 1}
  m_LocalPosition: {x: 2, y: 0, z: 0}
  m_LocalScale: {x: 1, y: 1, z: 1}
  m_Children: []
  m_Father: {fileID: 7410511629744549649}
  m_RootOrder: 13
  m_LocalEulerAnglesHint: {x: 0, y: 0, z: 0}
--- !u!114 &8118606855178529425
MonoBehaviour:
  m_ObjectHideFlags: 0
  m_CorrespondingSourceObject: {fileID: 0}
  m_PrefabInstance: {fileID: 0}
  m_PrefabAsset: {fileID: 0}
  m_GameObject: {fileID: 8118606855178529427}
  m_Enabled: 1
  m_EditorHideFlags: 0
  m_Script: {fileID: 11500000, guid: 8a227a53be4cb214ba31aed965b96260, type: 3}
  m_Name: 
  m_EditorClassIdentifier: 
  spawnableBlocks:
  - {fileID: 129538797762571977, guid: 62cd6372611e5b64b9fc4f5053a413be, type: 3}
  - {fileID: 827590671195969117, guid: 6d446037248bdb4458b17954bf077bba, type: 3}
  - {fileID: 7899939296748366005, guid: 1921f54197beb5e488394e0f2ab2621a, type: 3}
  - {fileID: 3664325002177333749, guid: 3843001055abf484293a1792826a2b01, type: 3}
--- !u!1 &8373963845168275196
GameObject:
  m_ObjectHideFlags: 0
  m_CorrespondingSourceObject: {fileID: 0}
  m_PrefabInstance: {fileID: 0}
  m_PrefabAsset: {fileID: 0}
  serializedVersion: 6
  m_Component:
  - component: {fileID: 1480920898598243378}
  - component: {fileID: 7992476875360125858}
  m_Layer: 0
  m_Name: BlockSpawnOpt (2)
  m_TagString: Untagged
  m_Icon: {fileID: -5397416234189338067, guid: 0000000000000000d000000000000000, type: 0}
  m_NavMeshLayer: 0
  m_StaticEditorFlags: 0
  m_IsActive: 1
--- !u!4 &1480920898598243378
Transform:
  m_ObjectHideFlags: 0
  m_CorrespondingSourceObject: {fileID: 0}
  m_PrefabInstance: {fileID: 0}
  m_PrefabAsset: {fileID: 0}
  m_GameObject: {fileID: 8373963845168275196}
  m_LocalRotation: {x: -0, y: -0, z: -0, w: 1}
  m_LocalPosition: {x: -1, y: -2, z: 0}
  m_LocalScale: {x: 1, y: 1, z: 1}
  m_Children: []
  m_Father: {fileID: 7410511629744549649}
  m_RootOrder: 4
  m_LocalEulerAnglesHint: {x: 0, y: 0, z: 0}
--- !u!114 &7992476875360125858
MonoBehaviour:
  m_ObjectHideFlags: 0
  m_CorrespondingSourceObject: {fileID: 0}
  m_PrefabInstance: {fileID: 0}
  m_PrefabAsset: {fileID: 0}
  m_GameObject: {fileID: 8373963845168275196}
  m_Enabled: 1
  m_EditorHideFlags: 0
  m_Script: {fileID: 11500000, guid: 8a227a53be4cb214ba31aed965b96260, type: 3}
  m_Name: 
  m_EditorClassIdentifier: 
  spawnableBlocks:
  - {fileID: 129538797762571977, guid: 62cd6372611e5b64b9fc4f5053a413be, type: 3}
  - {fileID: 827590671195969117, guid: 6d446037248bdb4458b17954bf077bba, type: 3}
  - {fileID: 7899939296748366005, guid: 1921f54197beb5e488394e0f2ab2621a, type: 3}
  - {fileID: 3664325002177333749, guid: 3843001055abf484293a1792826a2b01, type: 3}
  - {fileID: 5868547598711328266, guid: 1f51cc62e4a89e340ac06e6dbca78c13, type: 3}
  - {fileID: 5868547598711328266, guid: 1f51cc62e4a89e340ac06e6dbca78c13, type: 3}
  - {fileID: 5868547598711328266, guid: 1f51cc62e4a89e340ac06e6dbca78c13, type: 3}
  - {fileID: 5868547598711328266, guid: 1f51cc62e4a89e340ac06e6dbca78c13, type: 3}
