%YAML 1.1
%TAG !u! tag:unity3d.com,2011:
--- !u!1 &2382615510704789809
GameObject:
  m_ObjectHideFlags: 0
  m_CorrespondingSourceObject: {fileID: 0}
  m_PrefabInstance: {fileID: 0}
  m_PrefabAsset: {fileID: 0}
  serializedVersion: 6
  m_Component:
  - component: {fileID: 7796895362456415073}
  - component: {fileID: 1849956062951105449}
  m_Layer: 0
  m_Name: BlockSpawnOpt (3)
  m_TagString: Untagged
  m_Icon: {fileID: -5397416234189338067, guid: 0000000000000000d000000000000000, type: 0}
  m_NavMeshLayer: 0
  m_StaticEditorFlags: 0
  m_IsActive: 1
--- !u!4 &7796895362456415073
Transform:
  m_ObjectHideFlags: 0
  m_CorrespondingSourceObject: {fileID: 0}
  m_PrefabInstance: {fileID: 0}
  m_PrefabAsset: {fileID: 0}
  m_GameObject: {fileID: 2382615510704789809}
  m_LocalRotation: {x: -0, y: -0, z: -0, w: 1}
  m_LocalPosition: {x: 1, y: 2, z: 0}
  m_LocalScale: {x: 1, y: 1, z: 1}
  m_Children: []
  m_Father: {fileID: 5982622477496917496}
  m_RootOrder: 10
  m_LocalEulerAnglesHint: {x: 0, y: 0, z: 0}
--- !u!114 &1849956062951105449
MonoBehaviour:
  m_ObjectHideFlags: 0
  m_CorrespondingSourceObject: {fileID: 0}
  m_PrefabInstance: {fileID: 0}
  m_PrefabAsset: {fileID: 0}
  m_GameObject: {fileID: 2382615510704789809}
  m_Enabled: 1
  m_EditorHideFlags: 0
  m_Script: {fileID: 11500000, guid: 8a227a53be4cb214ba31aed965b96260, type: 3}
  m_Name: 
  m_EditorClassIdentifier: 
  spawnableBlocks:
  - {fileID: 129538797762571977, guid: 62cd6372611e5b64b9fc4f5053a413be, type: 3}
  - {fileID: 827590671195969117, guid: 6d446037248bdb4458b17954bf077bba, type: 3}
  - {fileID: 7899939296748366005, guid: 1921f54197beb5e488394e0f2ab2621a, type: 3}
  - {fileID: 3664325002177333749, guid: 3843001055abf484293a1792826a2b01, type: 3}
  - {fileID: 5868547598711328266, guid: 1f51cc62e4a89e340ac06e6dbca78c13, type: 3}
  - {fileID: 5868547598711328266, guid: 1f51cc62e4a89e340ac06e6dbca78c13, type: 3}
  - {fileID: 5868547598711328266, guid: 1f51cc62e4a89e340ac06e6dbca78c13, type: 3}
  - {fileID: 5868547598711328266, guid: 1f51cc62e4a89e340ac06e6dbca78c13, type: 3}
--- !u!1 &3878098111121836102
GameObject:
  m_ObjectHideFlags: 0
  m_CorrespondingSourceObject: {fileID: 0}
  m_PrefabInstance: {fileID: 0}
  m_PrefabAsset: {fileID: 0}
  serializedVersion: 6
  m_Component:
  - component: {fileID: 3631994578888955324}
  - component: {fileID: 3969154739806105192}
  m_Layer: 0
  m_Name: BlockSpawnOpt
  m_TagString: Untagged
  m_Icon: {fileID: -5397416234189338067, guid: 0000000000000000d000000000000000, type: 0}
  m_NavMeshLayer: 0
  m_StaticEditorFlags: 0
  m_IsActive: 1
--- !u!4 &3631994578888955324
Transform:
  m_ObjectHideFlags: 0
  m_CorrespondingSourceObject: {fileID: 0}
  m_PrefabInstance: {fileID: 0}
  m_PrefabAsset: {fileID: 0}
  m_GameObject: {fileID: 3878098111121836102}
  m_LocalRotation: {x: -0, y: -0, z: -0, w: 1}
  m_LocalPosition: {x: -2, y: 1, z: 0}
  m_LocalScale: {x: 1, y: 1, z: 1}
  m_Children: []
  m_Father: {fileID: 5982622477496917496}
  m_RootOrder: 7
  m_LocalEulerAnglesHint: {x: 0, y: 0, z: 0}
--- !u!114 &3969154739806105192
MonoBehaviour:
  m_ObjectHideFlags: 0
  m_CorrespondingSourceObject: {fileID: 0}
  m_PrefabInstance: {fileID: 0}
  m_PrefabAsset: {fileID: 0}
  m_GameObject: {fileID: 3878098111121836102}
  m_Enabled: 1
  m_EditorHideFlags: 0
  m_Script: {fileID: 11500000, guid: 8a227a53be4cb214ba31aed965b96260, type: 3}
  m_Name: 
  m_EditorClassIdentifier: 
  spawnableBlocks:
  - {fileID: 129538797762571977, guid: 62cd6372611e5b64b9fc4f5053a413be, type: 3}
  - {fileID: 827590671195969117, guid: 6d446037248bdb4458b17954bf077bba, type: 3}
  - {fileID: 7899939296748366005, guid: 1921f54197beb5e488394e0f2ab2621a, type: 3}
  - {fileID: 3664325002177333749, guid: 3843001055abf484293a1792826a2b01, type: 3}
  - {fileID: 5868547598711328266, guid: 1f51cc62e4a89e340ac06e6dbca78c13, type: 3}
  - {fileID: 5868547598711328266, guid: 1f51cc62e4a89e340ac06e6dbca78c13, type: 3}
  - {fileID: 5868547598711328266, guid: 1f51cc62e4a89e340ac06e6dbca78c13, type: 3}
  - {fileID: 5868547598711328266, guid: 1f51cc62e4a89e340ac06e6dbca78c13, type: 3}
--- !u!1 &4748955246126148629
GameObject:
  m_ObjectHideFlags: 0
  m_CorrespondingSourceObject: {fileID: 0}
  m_PrefabInstance: {fileID: 0}
  m_PrefabAsset: {fileID: 0}
  serializedVersion: 6
  m_Component:
  - component: {fileID: 2403989628992175835}
  - component: {fileID: 6573880232765747531}
  m_Layer: 0
  m_Name: BlockSpawnOpt (2)
  m_TagString: Untagged
  m_Icon: {fileID: -5397416234189338067, guid: 0000000000000000d000000000000000, type: 0}
  m_NavMeshLayer: 0
  m_StaticEditorFlags: 0
  m_IsActive: 1
--- !u!4 &2403989628992175835
Transform:
  m_ObjectHideFlags: 0
  m_CorrespondingSourceObject: {fileID: 0}
  m_PrefabInstance: {fileID: 0}
  m_PrefabAsset: {fileID: 0}
  m_GameObject: {fileID: 4748955246126148629}
  m_LocalRotation: {x: -0, y: -0, z: -0, w: 1}
  m_LocalPosition: {x: 2, y: 1, z: 0}
  m_LocalScale: {x: 1, y: 1, z: 1}
  m_Children: []
  m_Father: {fileID: 5982622477496917496}
  m_RootOrder: 9
  m_LocalEulerAnglesHint: {x: 0, y: 0, z: 0}
--- !u!114 &6573880232765747531
MonoBehaviour:
  m_ObjectHideFlags: 0
  m_CorrespondingSourceObject: {fileID: 0}
  m_PrefabInstance: {fileID: 0}
  m_PrefabAsset: {fileID: 0}
  m_GameObject: {fileID: 4748955246126148629}
  m_Enabled: 1
  m_EditorHideFlags: 0
  m_Script: {fileID: 11500000, guid: 8a227a53be4cb214ba31aed965b96260, type: 3}
  m_Name: 
  m_EditorClassIdentifier: 
  spawnableBlocks:
  - {fileID: 129538797762571977, guid: 62cd6372611e5b64b9fc4f5053a413be, type: 3}
  - {fileID: 827590671195969117, guid: 6d446037248bdb4458b17954bf077bba, type: 3}
  - {fileID: 7899939296748366005, guid: 1921f54197beb5e488394e0f2ab2621a, type: 3}
  - {fileID: 3664325002177333749, guid: 3843001055abf484293a1792826a2b01, type: 3}
  - {fileID: 5868547598711328266, guid: 1f51cc62e4a89e340ac06e6dbca78c13, type: 3}
  - {fileID: 5868547598711328266, guid: 1f51cc62e4a89e340ac06e6dbca78c13, type: 3}
  - {fileID: 5868547598711328266, guid: 1f51cc62e4a89e340ac06e6dbca78c13, type: 3}
  - {fileID: 5868547598711328266, guid: 1f51cc62e4a89e340ac06e6dbca78c13, type: 3}
--- !u!1 &5546513453419938200
GameObject:
  m_ObjectHideFlags: 0
  m_CorrespondingSourceObject: {fileID: 0}
  m_PrefabInstance: {fileID: 0}
  m_PrefabAsset: {fileID: 0}
  serializedVersion: 6
  m_Component:
  - component: {fileID: 3868400019656664883}
  m_Layer: 0
  m_Name: InteractSpawn
  m_TagString: InteractableSpawn
  m_Icon: {fileID: 1206586993520771344, guid: 0000000000000000d000000000000000, type: 0}
  m_NavMeshLayer: 0
  m_StaticEditorFlags: 0
  m_IsActive: 1
--- !u!4 &3868400019656664883
Transform:
  m_ObjectHideFlags: 0
  m_CorrespondingSourceObject: {fileID: 0}
  m_PrefabInstance: {fileID: 0}
  m_PrefabAsset: {fileID: 0}
  m_GameObject: {fileID: 5546513453419938200}
  m_LocalRotation: {x: -0, y: -0, z: -0, w: 1}
  m_LocalPosition: {x: 0, y: 0, z: 0}
  m_LocalScale: {x: 1, y: 1, z: 1}
  m_Children: []
  m_Father: {fileID: 5982622477496917496}
  m_RootOrder: 11
  m_LocalEulerAnglesHint: {x: 0, y: 0, z: 0}
--- !u!1 &5982622476974455480
GameObject:
  m_ObjectHideFlags: 0
  m_CorrespondingSourceObject: {fileID: 0}
  m_PrefabInstance: {fileID: 0}
  m_PrefabAsset: {fileID: 0}
  serializedVersion: 6
  m_Component:
  - component: {fileID: 5982622476974455431}
  - component: {fileID: 5982622476974455430}
  m_Layer: 0
  m_Name: BlockSpawn (2)
  m_TagString: Untagged
  m_Icon: {fileID: 7174288486110832750, guid: 0000000000000000d000000000000000, type: 0}
  m_NavMeshLayer: 0
  m_StaticEditorFlags: 0
  m_IsActive: 1
--- !u!4 &5982622476974455431
Transform:
  m_ObjectHideFlags: 0
  m_CorrespondingSourceObject: {fileID: 0}
  m_PrefabInstance: {fileID: 0}
  m_PrefabAsset: {fileID: 0}
  m_GameObject: {fileID: 5982622476974455480}
  m_LocalRotation: {x: -0, y: -0, z: -0, w: 1}
  m_LocalPosition: {x: 0, y: -2, z: 0}
  m_LocalScale: {x: 1, y: 1, z: 1}
  m_Children: []
  m_Father: {fileID: 5982622477496917496}
  m_RootOrder: 2
  m_LocalEulerAnglesHint: {x: 0, y: 0, z: 0}
--- !u!114 &5982622476974455430
MonoBehaviour:
  m_ObjectHideFlags: 0
  m_CorrespondingSourceObject: {fileID: 0}
  m_PrefabInstance: {fileID: 0}
  m_PrefabAsset: {fileID: 0}
  m_GameObject: {fileID: 5982622476974455480}
  m_Enabled: 1
  m_EditorHideFlags: 0
  m_Script: {fileID: 11500000, guid: 8a227a53be4cb214ba31aed965b96260, type: 3}
  m_Name: 
  m_EditorClassIdentifier: 
  spawnableBlocks:
  - {fileID: 129538797762571977, guid: 62cd6372611e5b64b9fc4f5053a413be, type: 3}
  - {fileID: 827590671195969117, guid: 6d446037248bdb4458b17954bf077bba, type: 3}
  - {fileID: 7899939296748366005, guid: 1921f54197beb5e488394e0f2ab2621a, type: 3}
  - {fileID: 3664325002177333749, guid: 3843001055abf484293a1792826a2b01, type: 3}
--- !u!1 &5982622477496917497
GameObject:
  m_ObjectHideFlags: 0
  m_CorrespondingSourceObject: {fileID: 0}
  m_PrefabInstance: {fileID: 0}
  m_PrefabAsset: {fileID: 0}
  serializedVersion: 6
  m_Component:
  - component: {fileID: 5982622477496917496}
  - component: {fileID: -5298609336070399530}
  m_Layer: 0
  m_Name: Room TRL
  m_TagString: Untagged
  m_Icon: {fileID: -5442936267250999957, guid: 0000000000000000d000000000000000, type: 0}
  m_NavMeshLayer: 0
  m_StaticEditorFlags: 0
  m_IsActive: 1
--- !u!4 &5982622477496917496
Transform:
  m_ObjectHideFlags: 0
  m_CorrespondingSourceObject: {fileID: 0}
  m_PrefabInstance: {fileID: 0}
  m_PrefabAsset: {fileID: 0}
  m_GameObject: {fileID: 5982622477496917497}
  m_LocalRotation: {x: 0, y: 0, z: 0, w: 1}
  m_LocalPosition: {x: 2.5, y: 2.5, z: 0}
  m_LocalScale: {x: 1, y: 1, z: 1}
  m_Children:
  - {fileID: 5982622478101052197}
  - {fileID: 5982622478488904354}
  - {fileID: 5982622476974455431}
  - {fileID: 5982622477962931447}
  - {fileID: 5982622477737290422}
  - {fileID: 5982622478106973526}
  - {fileID: 7884977336164095478}
  - {fileID: 3631994578888955324}
  - {fileID: 6692853509834817300}
  - {fileID: 2403989628992175835}
  - {fileID: 7796895362456415073}
  - {fileID: 3868400019656664883}
  m_Father: {fileID: 0}
  m_RootOrder: 0
  m_LocalEulerAnglesHint: {x: 0, y: 0, z: 0}
--- !u!114 &-5298609336070399530
MonoBehaviour:
  m_ObjectHideFlags: 0
  m_CorrespondingSourceObject: {fileID: 0}
  m_PrefabInstance: {fileID: 0}
  m_PrefabAsset: {fileID: 0}
  m_GameObject: {fileID: 5982622477496917497}
  m_Enabled: 1
  m_EditorHideFlags: 0
  m_Script: {fileID: 11500000, guid: 2129ccd7ecd318a4aaea4c5d140c48f9, type: 3}
  m_Name: 
  m_EditorClassIdentifier: 
  connections: 0
  gridPos: {x: 0, y: 0}
--- !u!1 &5982622477737290423
GameObject:
  m_ObjectHideFlags: 0
  m_CorrespondingSourceObject: {fileID: 0}
  m_PrefabInstance: {fileID: 0}
  m_PrefabAsset: {fileID: 0}
  serializedVersion: 6
  m_Component:
  - component: {fileID: 5982622477737290422}
  - component: {fileID: 5982622477737290421}
  m_Layer: 0
  m_Name: BlockSpawn (4)
  m_TagString: Untagged
  m_Icon: {fileID: 7174288486110832750, guid: 0000000000000000d000000000000000, type: 0}
  m_NavMeshLayer: 0
  m_StaticEditorFlags: 0
  m_IsActive: 1
--- !u!4 &5982622477737290422
Transform:
  m_ObjectHideFlags: 0
  m_CorrespondingSourceObject: {fileID: 0}
  m_PrefabInstance: {fileID: 0}
  m_PrefabAsset: {fileID: 0}
  m_GameObject: {fileID: 5982622477737290423}
  m_LocalRotation: {x: -0, y: -0, z: -0, w: 1}
  m_LocalPosition: {x: 2, y: 2, z: 0}
  m_LocalScale: {x: 1, y: 1, z: 1}
  m_Children: []
  m_Father: {fileID: 5982622477496917496}
  m_RootOrder: 4
  m_LocalEulerAnglesHint: {x: 0, y: 0, z: 0}
--- !u!114 &5982622477737290421
MonoBehaviour:
  m_ObjectHideFlags: 0
  m_CorrespondingSourceObject: {fileID: 0}
  m_PrefabInstance: {fileID: 0}
  m_PrefabAsset: {fileID: 0}
  m_GameObject: {fileID: 5982622477737290423}
  m_Enabled: 1
  m_EditorHideFlags: 0
  m_Script: {fileID: 11500000, guid: 8a227a53be4cb214ba31aed965b96260, type: 3}
  m_Name: 
  m_EditorClassIdentifier: 
  spawnableBlocks:
  - {fileID: 129538797762571977, guid: 62cd6372611e5b64b9fc4f5053a413be, type: 3}
  - {fileID: 827590671195969117, guid: 6d446037248bdb4458b17954bf077bba, type: 3}
  - {fileID: 7899939296748366005, guid: 1921f54197beb5e488394e0f2ab2621a, type: 3}
  - {fileID: 3664325002177333749, guid: 3843001055abf484293a1792826a2b01, type: 3}
--- !u!1 &5982622477962931432
GameObject:
  m_ObjectHideFlags: 0
  m_CorrespondingSourceObject: {fileID: 0}
  m_PrefabInstance: {fileID: 0}
  m_PrefabAsset: {fileID: 0}
  serializedVersion: 6
  m_Component:
  - component: {fileID: 5982622477962931447}
  - component: {fileID: 5982622477962931446}
  m_Layer: 0
  m_Name: BlockSpawn (3)
  m_TagString: Untagged
  m_Icon: {fileID: 7174288486110832750, guid: 0000000000000000d000000000000000, type: 0}
  m_NavMeshLayer: 0
  m_StaticEditorFlags: 0
  m_IsActive: 1
--- !u!4 &5982622477962931447
Transform:
  m_ObjectHideFlags: 0
  m_CorrespondingSourceObject: {fileID: 0}
  m_PrefabInstance: {fileID: 0}
  m_PrefabAsset: {fileID: 0}
  m_GameObject: {fileID: 5982622477962931432}
  m_LocalRotation: {x: -0, y: -0, z: -0, w: 1}
  m_LocalPosition: {x: 1, y: -2, z: 0}
  m_LocalScale: {x: 1, y: 1, z: 1}
  m_Children: []
  m_Father: {fileID: 5982622477496917496}
  m_RootOrder: 3
  m_LocalEulerAnglesHint: {x: 0, y: 0, z: 0}
--- !u!114 &5982622477962931446
MonoBehaviour:
  m_ObjectHideFlags: 0
  m_CorrespondingSourceObject: {fileID: 0}
  m_PrefabInstance: {fileID: 0}
  m_PrefabAsset: {fileID: 0}
  m_GameObject: {fileID: 5982622477962931432}
  m_Enabled: 1
  m_EditorHideFlags: 0
  m_Script: {fileID: 11500000, guid: 8a227a53be4cb214ba31aed965b96260, type: 3}
  m_Name: 
  m_EditorClassIdentifier: 
  spawnableBlocks:
  - {fileID: 129538797762571977, guid: 62cd6372611e5b64b9fc4f5053a413be, type: 3}
  - {fileID: 827590671195969117, guid: 6d446037248bdb4458b17954bf077bba, type: 3}
  - {fileID: 7899939296748366005, guid: 1921f54197beb5e488394e0f2ab2621a, type: 3}
  - {fileID: 3664325002177333749, guid: 3843001055abf484293a1792826a2b01, type: 3}
--- !u!1 &5982622478101052198
GameObject:
  m_ObjectHideFlags: 0
  m_CorrespondingSourceObject: {fileID: 0}
  m_PrefabInstance: {fileID: 0}
  m_PrefabAsset: {fileID: 0}
  serializedVersion: 6
  m_Component:
  - component: {fileID: 5982622478101052197}
  - component: {fileID: 5982622478101052196}
  m_Layer: 0
  m_Name: BlockSpawn
  m_TagString: Untagged
  m_Icon: {fileID: 7174288486110832750, guid: 0000000000000000d000000000000000, type: 0}
  m_NavMeshLayer: 0
  m_StaticEditorFlags: 0
  m_IsActive: 1
--- !u!4 &5982622478101052197
Transform:
  m_ObjectHideFlags: 0
  m_CorrespondingSourceObject: {fileID: 0}
  m_PrefabInstance: {fileID: 0}
  m_PrefabAsset: {fileID: 0}
  m_GameObject: {fileID: 5982622478101052198}
  m_LocalRotation: {x: -0, y: -0, z: -0, w: 1}
  m_LocalPosition: {x: 2, y: -2, z: 0}
  m_LocalScale: {x: 1, y: 1, z: 1}
  m_Children: []
  m_Father: {fileID: 5982622477496917496}
  m_RootOrder: 0
  m_LocalEulerAnglesHint: {x: 0, y: 0, z: 0}
--- !u!114 &5982622478101052196
MonoBehaviour:
  m_ObjectHideFlags: 0
  m_CorrespondingSourceObject: {fileID: 0}
  m_PrefabInstance: {fileID: 0}
  m_PrefabAsset: {fileID: 0}
  m_GameObject: {fileID: 5982622478101052198}
  m_Enabled: 1
  m_EditorHideFlags: 0
  m_Script: {fileID: 11500000, guid: 8a227a53be4cb214ba31aed965b96260, type: 3}
  m_Name: 
  m_EditorClassIdentifier: 
  spawnableBlocks:
  - {fileID: 129538797762571977, guid: 62cd6372611e5b64b9fc4f5053a413be, type: 3}
  - {fileID: 827590671195969117, guid: 6d446037248bdb4458b17954bf077bba, type: 3}
  - {fileID: 7899939296748366005, guid: 1921f54197beb5e488394e0f2ab2621a, type: 3}
  - {fileID: 3664325002177333749, guid: 3843001055abf484293a1792826a2b01, type: 3}
--- !u!1 &5982622478106973527
GameObject:
  m_ObjectHideFlags: 0
  m_CorrespondingSourceObject: {fileID: 0}
  m_PrefabInstance: {fileID: 0}
  m_PrefabAsset: {fileID: 0}
  serializedVersion: 6
  m_Component:
  - component: {fileID: 5982622478106973526}
  - component: {fileID: 5982622478106973525}
  m_Layer: 0
  m_Name: BlockSpawn (8)
  m_TagString: Untagged
  m_Icon: {fileID: 7174288486110832750, guid: 0000000000000000d000000000000000, type: 0}
  m_NavMeshLayer: 0
  m_StaticEditorFlags: 0
  m_IsActive: 1
--- !u!4 &5982622478106973526
Transform:
  m_ObjectHideFlags: 0
  m_CorrespondingSourceObject: {fileID: 0}
  m_PrefabInstance: {fileID: 0}
  m_PrefabAsset: {fileID: 0}
  m_GameObject: {fileID: 5982622478106973527}
  m_LocalRotation: {x: -0, y: -0, z: -0, w: 1}
  m_LocalPosition: {x: -2, y: -2, z: 0}
  m_LocalScale: {x: 1, y: 1, z: 1}
  m_Children: []
  m_Father: {fileID: 5982622477496917496}
  m_RootOrder: 5
  m_LocalEulerAnglesHint: {x: 0, y: 0, z: 0}
--- !u!114 &5982622478106973525
MonoBehaviour:
  m_ObjectHideFlags: 0
  m_CorrespondingSourceObject: {fileID: 0}
  m_PrefabInstance: {fileID: 0}
  m_PrefabAsset: {fileID: 0}
  m_GameObject: {fileID: 5982622478106973527}
  m_Enabled: 1
  m_EditorHideFlags: 0
  m_Script: {fileID: 11500000, guid: 8a227a53be4cb214ba31aed965b96260, type: 3}
  m_Name: 
  m_EditorClassIdentifier: 
  spawnableBlocks:
  - {fileID: 129538797762571977, guid: 62cd6372611e5b64b9fc4f5053a413be, type: 3}
  - {fileID: 827590671195969117, guid: 6d446037248bdb4458b17954bf077bba, type: 3}
  - {fileID: 7899939296748366005, guid: 1921f54197beb5e488394e0f2ab2621a, type: 3}
  - {fileID: 3664325002177333749, guid: 3843001055abf484293a1792826a2b01, type: 3}
--- !u!1 &5982622478488904355
GameObject:
  m_ObjectHideFlags: 0
  m_CorrespondingSourceObject: {fileID: 0}
  m_PrefabInstance: {fileID: 0}
  m_PrefabAsset: {fileID: 0}
  serializedVersion: 6
  m_Component:
  - component: {fileID: 5982622478488904354}
  - component: {fileID: 5982622478488904353}
  m_Layer: 0
  m_Name: BlockSpawn (1)
  m_TagString: Untagged
  m_Icon: {fileID: 7174288486110832750, guid: 0000000000000000d000000000000000, type: 0}
  m_NavMeshLayer: 0
  m_StaticEditorFlags: 0
  m_IsActive: 1
--- !u!4 &5982622478488904354
Transform:
  m_ObjectHideFlags: 0
  m_CorrespondingSourceObject: {fileID: 0}
  m_PrefabInstance: {fileID: 0}
  m_PrefabAsset: {fileID: 0}
  m_GameObject: {fileID: 5982622478488904355}
  m_LocalRotation: {x: -0, y: -0, z: -0, w: 1}
  m_LocalPosition: {x: -1, y: -2, z: 0}
  m_LocalScale: {x: 1, y: 1, z: 1}
  m_Children: []
  m_Father: {fileID: 5982622477496917496}
  m_RootOrder: 1
  m_LocalEulerAnglesHint: {x: 0, y: 0, z: 0}
--- !u!114 &5982622478488904353
MonoBehaviour:
  m_ObjectHideFlags: 0
  m_CorrespondingSourceObject: {fileID: 0}
  m_PrefabInstance: {fileID: 0}
  m_PrefabAsset: {fileID: 0}
  m_GameObject: {fileID: 5982622478488904355}
  m_Enabled: 1
  m_EditorHideFlags: 0
  m_Script: {fileID: 11500000, guid: 8a227a53be4cb214ba31aed965b96260, type: 3}
  m_Name: 
  m_EditorClassIdentifier: 
  spawnableBlocks:
  - {fileID: 129538797762571977, guid: 62cd6372611e5b64b9fc4f5053a413be, type: 3}
  - {fileID: 827590671195969117, guid: 6d446037248bdb4458b17954bf077bba, type: 3}
  - {fileID: 7899939296748366005, guid: 1921f54197beb5e488394e0f2ab2621a, type: 3}
  - {fileID: 3664325002177333749, guid: 3843001055abf484293a1792826a2b01, type: 3}
--- !u!1 &6747406931075271463
GameObject:
  m_ObjectHideFlags: 0
  m_CorrespondingSourceObject: {fileID: 0}
  m_PrefabInstance: {fileID: 0}
  m_PrefabAsset: {fileID: 0}
  serializedVersion: 6
  m_Component:
  - component: {fileID: 6692853509834817300}
  - component: {fileID: 5970105050444509862}
  m_Layer: 0
  m_Name: BlockSpawnOpt (1)
  m_TagString: Untagged
  m_Icon: {fileID: -5397416234189338067, guid: 0000000000000000d000000000000000, type: 0}
  m_NavMeshLayer: 0
  m_StaticEditorFlags: 0
  m_IsActive: 1
--- !u!4 &6692853509834817300
Transform:
  m_ObjectHideFlags: 0
  m_CorrespondingSourceObject: {fileID: 0}
  m_PrefabInstance: {fileID: 0}
  m_PrefabAsset: {fileID: 0}
  m_GameObject: {fileID: 6747406931075271463}
  m_LocalRotation: {x: -0, y: -0, z: -0, w: 1}
  m_LocalPosition: {x: -1, y: 2, z: 0}
  m_LocalScale: {x: 1, y: 1, z: 1}
  m_Children: []
  m_Father: {fileID: 5982622477496917496}
  m_RootOrder: 8
  m_LocalEulerAnglesHint: {x: 0, y: 0, z: 0}
--- !u!114 &5970105050444509862
MonoBehaviour:
  m_ObjectHideFlags: 0
  m_CorrespondingSourceObject: {fileID: 0}
  m_PrefabInstance: {fileID: 0}
  m_PrefabAsset: {fileID: 0}
  m_GameObject: {fileID: 6747406931075271463}
  m_Enabled: 1
  m_EditorHideFlags: 0
  m_Script: {fileID: 11500000, guid: 8a227a53be4cb214ba31aed965b96260, type: 3}
  m_Name: 
  m_EditorClassIdentifier: 
  spawnableBlocks:
  - {fileID: 129538797762571977, guid: 62cd6372611e5b64b9fc4f5053a413be, type: 3}
  - {fileID: 827590671195969117, guid: 6d446037248bdb4458b17954bf077bba, type: 3}
  - {fileID: 7899939296748366005, guid: 1921f54197beb5e488394e0f2ab2621a, type: 3}
  - {fileID: 3664325002177333749, guid: 3843001055abf484293a1792826a2b01, type: 3}
  - {fileID: 5868547598711328266, guid: 1f51cc62e4a89e340ac06e6dbca78c13, type: 3}
  - {fileID: 5868547598711328266, guid: 1f51cc62e4a89e340ac06e6dbca78c13, type: 3}
  - {fileID: 5868547598711328266, guid: 1f51cc62e4a89e340ac06e6dbca78c13, type: 3}
  - {fileID: 5868547598711328266, guid: 1f51cc62e4a89e340ac06e6dbca78c13, type: 3}
--- !u!1 &7506360699346020143
GameObject:
  m_ObjectHideFlags: 0
  m_CorrespondingSourceObject: {fileID: 0}
  m_PrefabInstance: {fileID: 0}
  m_PrefabAsset: {fileID: 0}
  serializedVersion: 6
  m_Component:
  - component: {fileID: 7884977336164095478}
  - component: {fileID: 6275505523071768404}
  m_Layer: 0
  m_Name: BlockSpawn (5)
  m_TagString: Untagged
  m_Icon: {fileID: 7174288486110832750, guid: 0000000000000000d000000000000000, type: 0}
  m_NavMeshLayer: 0
  m_StaticEditorFlags: 0
  m_IsActive: 1
--- !u!4 &7884977336164095478
Transform:
  m_ObjectHideFlags: 0
  m_CorrespondingSourceObject: {fileID: 0}
  m_PrefabInstance: {fileID: 0}
  m_PrefabAsset: {fileID: 0}
  m_GameObject: {fileID: 7506360699346020143}
  m_LocalRotation: {x: -0, y: -0, z: -0, w: 1}
  m_LocalPosition: {x: -2, y: 2, z: 0}
  m_LocalScale: {x: 1, y: 1, z: 1}
  m_Children: []
  m_Father: {fileID: 5982622477496917496}
  m_RootOrder: 6
  m_LocalEulerAnglesHint: {x: 0, y: 0, z: 0}
--- !u!114 &6275505523071768404
MonoBehaviour:
  m_ObjectHideFlags: 0
  m_CorrespondingSourceObject: {fileID: 0}
  m_PrefabInstance: {fileID: 0}
  m_PrefabAsset: {fileID: 0}
  m_GameObject: {fileID: 7506360699346020143}
  m_Enabled: 1
  m_EditorHideFlags: 0
  m_Script: {fileID: 11500000, guid: 8a227a53be4cb214ba31aed965b96260, type: 3}
  m_Name: 
  m_EditorClassIdentifier: 
  spawnableBlocks:
  - {fileID: 129538797762571977, guid: 62cd6372611e5b64b9fc4f5053a413be, type: 3}
  - {fileID: 827590671195969117, guid: 6d446037248bdb4458b17954bf077bba, type: 3}
  - {fileID: 7899939296748366005, guid: 1921f54197beb5e488394e0f2ab2621a, type: 3}
  - {fileID: 3664325002177333749, guid: 3843001055abf484293a1792826a2b01, type: 3}
